<?xml version="1.0" encoding="UTF-8"?><collection xmlns="http://www.loc.gov/MARC21/slim"><record><leader>00419nam--2200157-i-4500</leader><controlfield tag="001">000024401</controlfield><controlfield tag="002">20161230</controlfield><controlfield tag="005">20161230201035</controlfield><controlfield tag="008">060222s1000------------r-----000-0-eng-d</controlfield><datafield ind1=" " ind2=" " tag="080"><subfield code="a">517.545</subfield></datafield><datafield ind1=" " ind2=" " tag="100"><subfield code="a">Heins, Maurice</subfield></datafield><datafield ind1=" " ind2=" " tag="245"><subfield code="a">Hardy classes on riemann surfaces</subfield></datafield><datafield ind1=" " ind2=" " tag="260"><subfield code="a">Berlin, Springer-verlag, 1969. 106 P</subfield></datafield><datafield ind1=" " ind2=" " tag="490"><subfield code="a">Lecture Notes In Mathematics</subfield></datafield><datafield ind1=" " ind2=" " tag="852"><subfield code="a">75799</subfield><subfield code="c">517.5</subfield></datafield><datafield ind1=" " ind2=" " tag="CAT"><subfield code="a">Sys</subfield><subfield code="c">20080812</subfield><subfield code="h">083748</subfield></datafield></record></collection>